<collection xmlns="http://www.loc.gov/MARC21/slim">
<record>
  <leader>01659nam0a2200313 i 450 </leader>
  <controlfield tag="001">IT\ICCU\CNCE\002826</controlfield>
  <controlfield tag="005">20150422000000.0</controlfield>
  <datafield tag="012" ind1=" " ind2=" ">
    <subfield code="a">o-ue a.ua a.a, AlEq (C) 1589 (R)</subfield>
    <subfield code="2">fei</subfield>
  </datafield>
  <datafield tag="100" ind1=" " ind2=" ">
    <subfield code="a">19970101d1589        0itac0103    ba</subfield>
  </datafield>
  <datafield tag="101" ind1=" " ind2=" ">
    <subfield code="a">ITA</subfield>
  </datafield>
  <datafield tag="102" ind1=" " ind2=" ">
    <subfield code="a">IT</subfield>
  </datafield>
  <datafield tag="200" ind1="1" ind2=" ">
    <subfield code="a">Orlando furioso di m. Lodouico Ariosto. Con gli argomenti in ottaua rima di m. Lodouico Dolce, et con le allegorie a ciascun canto di Thomaso Porcacchi da Castiglione aretino. Con la tauola di tutte le cose, che nell&apos;opera si contengono</subfield>
  </datafield>
  <datafield tag="210" ind1=" " ind2=" ">
    <subfield code="a">In Vinegia</subfield>
    <subfield code="c">\Bernardo Basa!</subfield>
    <subfield code="c">ad instanza di Marco Bindoni</subfield>
    <subfield code="d">1589</subfield>
  </datafield>
  <datafield tag="215" ind1=" " ind2=" ">
    <subfield code="a">265, \6! c.</subfield>
    <subfield code="c">ill.</subfield>
    <subfield code="d">8ʻ</subfield>
  </datafield>
  <datafield tag="300" ind1=" " ind2=" ">
    <subfield code="a">A c. 238r con front. proprio: Cinque canti di m. Lodouico Ariosto. I quali seguono la materia del Furioso</subfield>
  </datafield>
  <datafield tag="423" ind1=" " ind2="0">
    <subfield code="1">001IT\ICCU\CNCE\043586</subfield>
    <subfield code="1">2001 </subfield>
    <subfield code="a">Cinque canti</subfield>
  </datafield>
  <datafield tag="620" ind1=" " ind2=" ">
    <subfield code="a">IT</subfield>
    <subfield code="d">Venezia</subfield>
  </datafield>
  <datafield tag="700" ind1=" " ind2="1">
    <subfield code="a">Ariosto,</subfield>
    <subfield code="b">Ludovico</subfield>
    <subfield code="3">IT\ICCU\CNCA\000866</subfield>
  </datafield>
  <datafield tag="702" ind1=" " ind2="1">
    <subfield code="a">Dolce,</subfield>
    <subfield code="b">Lodovico</subfield>
    <subfield code="3">IT\ICCU\CNCA\000014</subfield>
  </datafield>
  <datafield tag="702" ind1=" " ind2="1">
    <subfield code="a">Porcacchi,</subfield>
    <subfield code="b">Tommaso</subfield>
    <subfield code="3">IT\ICCU\CNCA\000149</subfield>
  </datafield>
  <datafield tag="712" ind1="0" ind2="0">
    <subfield code="a">Bindoni, Marco</subfield>
    <subfield code="3">IT\ICCU\CNCT\000584</subfield>
    <subfield code="4">650</subfield>
  </datafield>
  <datafield tag="712" ind1="0" ind2="0">
    <subfield code="a">Basa, Bernardo</subfield>
    <subfield code="3">IT\ICCU\CNCT\000139</subfield>
    <subfield code="4">650</subfield>
  </datafield>
  <datafield tag="790" ind1=" " ind2="1">
    <subfield code="a">Dulcius,</subfield>
    <subfield code="b">Ludovicus</subfield>
    <subfield code="3">IT\ICCU\CNCA\018398</subfield>
    <subfield code="z">Dolce, Lodovico</subfield>
  </datafield>
  <datafield tag="790" ind1=" " ind2="1">
    <subfield code="a">Dolci,</subfield>
    <subfield code="b">Lodovico</subfield>
    <subfield code="3">IT\ICCU\CNCA\018400</subfield>
    <subfield code="z">Dolce, Lodovico</subfield>
  </datafield>
  <datafield tag="790" ind1=" " ind2="1">
    <subfield code="a">Porcacchi da Castiglione,</subfield>
    <subfield code="b">Tomaso</subfield>
    <subfield code="3">IT\ICCU\CNCA\014928</subfield>
    <subfield code="z">Porcacchi, Tommaso</subfield>
  </datafield>
  <datafield tag="801" ind1=" " ind2="3">
    <subfield code="a">IT</subfield>
    <subfield code="b">ICCU</subfield>
    <subfield code="c">20201113</subfield>
  </datafield>
  <datafield tag="899" ind1=" " ind2=" ">
    <subfield code="a">Biblioteca Porziuncola. Assisi</subfield>
    <subfield code="1">PG0179</subfield>
    <subfield code="2">UM1 36</subfield>
  </datafield>
  <datafield tag="911" ind1=" " ind2=" ">
    <subfield code="a">Sul front. e a c.  238r.</subfield>
    <subfield code="9">IT\ICCU\CNCM\001181</subfield>
  </datafield>
  <datafield tag="921" ind1=" " ind2=" ">
    <subfield code="a">IT\ICCU\CNCM\001181</subfield>
    <subfield code="b">Sole che scaccia le nuvole. In cornice figurata</subfield>
    <subfield code="e">Frustra oppositae</subfield>
    <subfield code="c">U194</subfield>
    <subfield code="d">Dimensioni: 3 x 3,5</subfield>
    <subfield code="f">FRUSTRAOPP</subfield>
    <subfield code="f">SOLE</subfield>
    <subfield code="f">NUVOLE</subfield>
    <subfield code="g">1585-1589</subfield>
  </datafield>
</record>
</collection>
